<record><leader>00000cas a22000007a 4500</leader><controlfield tag="001">23209102</controlfield><controlfield tag="008">910308d19181946mnuwr ne      0    0eng d</controlfield><datafield ind1=" " ind2=" " tag="010"><subfield code="a">sn 91059033 </subfield></datafield><datafield ind1=" " ind2=" " tag="040"><subfield code="a">MN#</subfield><subfield code="b">eng</subfield><subfield code="c">MN#</subfield><subfield code="d">OCLCQ</subfield><subfield code="d">OCLCF</subfield><subfield code="d">OCLCO</subfield></datafield><datafield ind1=" " ind2=" " tag="042"><subfield code="a">msc</subfield></datafield><datafield ind1=" " ind2=" " tag="043"><subfield code="a">n-us-mn</subfield></datafield><datafield ind1=" " ind2=" " tag="052"><subfield code="a">4144</subfield><subfield code="b">T3</subfield></datafield><datafield ind1=" " ind2=" " tag="052"><subfield code="a">4143</subfield><subfield code="b">C45</subfield></datafield><datafield ind1="0" ind2=" " tag="130"><subfield code="a">Taylors Falls journal (Taylors Falls, Minn. : 1918)</subfield></datafield><datafield ind1="1" ind2="0" tag="245"><subfield code="a">Taylors Falls journal.</subfield></datafield><datafield ind1=" " ind2=" " tag="260"><subfield code="a">Taylors Falls, Minn. :</subfield><subfield code="b">H.W. Roberts,</subfield><subfield code="c">-1946.</subfield></datafield><datafield ind1=" " ind2=" " tag="300"><subfield code="a">v.</subfield></datafield><datafield ind1=" " ind2=" " tag="310"><subfield code="a">Weekly</subfield></datafield><datafield ind1="1" ind2=" " tag="362"><subfield code="a">Began June 20, 1918.</subfield></datafield><datafield ind1="0" ind2=" " tag="362"><subfield code="a">-v. 28, no. 39 (Feb. 28, 1946).</subfield></datafield><datafield ind1=" " ind2=" " tag="530"><subfield code="a">Available on microfilm from the Minnesota Historical Society.</subfield></datafield><datafield ind1=" " ind2=" " tag="588"><subfield code="a">Description based on: Vol. 2, no. 26 (Dec. 11, 1919).</subfield></datafield><datafield ind1=" " ind2="0" tag="651"><subfield code="a">Taylors Falls (Minn.)</subfield><subfield code="v">Newspapers.</subfield></datafield><datafield ind1=" " ind2="7" tag="655"><subfield code="a">Newspapers.</subfield><subfield code="2">fast</subfield><subfield code="0">(OCoLC)fst01423814</subfield></datafield><datafield ind1=" " ind2="7" tag="651"><subfield code="a">Minnesota</subfield><subfield code="z">Taylors Falls.</subfield><subfield code="2">fast</subfield><subfield code="0">(OCoLC)fst01212912</subfield></datafield><datafield ind1=" " ind2=" " tag="752"><subfield code="a">United States</subfield><subfield code="b">Minnesota</subfield><subfield code="c">Chisago</subfield><subfield code="d">Taylors Falls.</subfield></datafield><datafield ind1="0" ind2="4" tag="785"><subfield code="t">Standard-press</subfield><subfield code="w">(DLC)sn 85040125</subfield></datafield></record>